@misc{githowto,
title = {{Git How To}},
note = {at: \url{https://githowto.com/}}}